<record><leader>00000cas a22000007a 4500</leader><controlfield tag="001">13317302</controlfield><controlfield tag="008">860320d195919uuinuwr ne      0    0eng d</controlfield><datafield ind1=" " ind2=" " tag="010"><subfield code="a">sn 86058389 </subfield></datafield><datafield ind1=" " ind2=" " tag="040"><subfield code="a">NPI</subfield><subfield code="b">eng</subfield><subfield code="c">NPI</subfield><subfield code="d">OCLCQ</subfield></datafield><datafield ind1=" " ind2=" " tag="042"><subfield code="a">msc</subfield></datafield><datafield ind1="0" ind2=" " tag="130"><subfield code="a">Record (Anderson, Ind.)</subfield></datafield><datafield ind1="1" ind2="4" tag="245"><subfield code="a">The record.</subfield></datafield><datafield ind1=" " ind2=" " tag="260"><subfield code="a">Anderson, Ind. :</subfield><subfield code="b">Madison County Record</subfield></datafield><datafield ind1=" " ind2=" " tag="300"><subfield code="a">v. :</subfield><subfield code="b">ill. ;</subfield><subfield code="c">43 cm.</subfield></datafield><datafield ind1=" " ind2=" " tag="310"><subfield code="a">Weekly</subfield></datafield><datafield ind1="1" ind2=" " tag="362"><subfield code="a">Began in Sept. 1959.</subfield></datafield><datafield ind1=" " ind2=" " tag="500"><subfield code="a">"Madison County's weekly newsmagazine."</subfield></datafield><datafield ind1=" " ind2=" " tag="588"><subfield code="a">Description based on: Sept. 24, 1959.</subfield></datafield><datafield ind1=" " ind2=" " tag="752"><subfield code="a">United States</subfield><subfield code="b">Indiana</subfield><subfield code="c">Madison</subfield><subfield code="d">Anderson.</subfield></datafield></record>